2247 3355
983 365 1212 393 —XV—

325 464 405 492 Infra
431 463 594 492 Ptolemaei
619 462 786 499 Euergetae
817 461 925 495 titulus,
956 461 1006 498 qui
1037 460 1124 488 huius
1148 459 1223 496 regis
1253 463 1370 487 statuae
1400 462 1514 487 aeneae
1545 458 1729 493 subscriptus
1762 461 1823 484 erat
1855 457 2015 484 Thermi

170 519 272 544 erutus
295 520 324 543 et
348 515 446 543 editus
469 523 487 542 a
510 514 545 542 G.
570 514 725 542 Soteriade
746 507 913 552 Ἐφημερὶς
936 506 1166 551 ἀρχαιολογική
1193 518 1270 547 1005
1295 519 1323 547 p.
1348 518 1396 544 01.

323 630 386 664 34.
411 625 493 653 Basis
517 634 684 653 marmorea
710 623 869 652 Thermi
893 632 911 651 a
934 623 969 651 G.
993 623 1149 651 Soteriade
1173 626 1262 650 eruta.
1305 622 1420 649 Titulus
1444 631 1535 658 quem
1558 622 1634 649 infra
1650 621 1734 649 vides
1759 621 1787 648 in
1812 626 1895 658 parte
1918 619 2017 647 antica

170 677 333 714 insculptus
363 681 393 705 et
425 677 483 705 iam
507 676 605 704 editus
628 675 794 711 Insclm'slen
817 684 868 702 aus
890 674 1041 711 Alagnesz'a
1072 683 1118 701 am
1143 673 1314 701 lllat‘andros
1337 683 1364 710 p.
1389 673 1463 701 XIV
1488 683 1514 700 n.
1540 673 1636 700 LIVa
1669 677 1697 700 et
1728 677 1789 700 tum
1820 682 1837 700 a
1861 672 2017 700 Soteriade

173 729 238 765 ipso
261 723 426 768 Ἔφη-μερὶς
448 723 678 768 ἀρχαιολογική
707 734 782 763 1905
808 735 835 763 p.
857 725 895 762 83
921 723 970 765 ἀρ.
996 725 1051 754 8α.
1098 725 1133 752 In
1158 725 1250 753 latere
1273 725 1398 753 dextero
1429 725 1502 752 alter
1525 724 1625 752 titulus
1649 724 1812 760 insculptus
1837 728 1888 757 est,
1920 723 2017 751 editus

171 780 186 807 l.
213 780 227 807 l.
252 789 279 816 p.
305 780 342 816 87
369 776 416 818 ἀρ.
442 777 495 807 8δ.
543 778 590 806 De
614 778 774 806 litteratura
798 782 826 806 et
849 782 949 805 aetate
972 778 1124 805 titulorum
1147 777 1182 805 cf.
1207 777 1222 804 l.
1247 777 1263 804 l.
1288 786 1315 813 p.
1340 776 1378 812 84
1390 785 1426 804 ss.

324 894 390 929 35.
436 890 506 918 Pars
537 890 656 918 tabulae
683 898 809 926 magnae
833 898 1019 917 marmoreae
1043 897 1111 916 cum
1134 888 1285 925 lapidibus
1310 887 1471 925 Elginianis
1494 887 1605 915 Teno
1630 886 1803 914 Londinum
1826 887 1855 913 in
1880 896 2018 914 museum

171 942 375 970 Britannicum
406 945 608 974 transvectae,
645 950 736 978 quam
767 940 815 968 hic
845 950 883 968 ex
913 940 1042 978 imagine
1072 939 1311 977 photographica
1342 948 1360 966 a
1391 938 1484 966 musei
1517 937 1679 966 Britannici
1718 938 1892 966 custodibus
1932 938 2018 966 nobis

170 993 300 1030 benigne
324 993 413 1021 missa
436 992 662 1029 exprimendam
686 992 862 1025 curavimus,
890 992 960 1028 quia
982 991 1057 1019 haec
1080 991 1156 1019 tertii
1179 999 1204 1019 a.
1229 990 1298 1019 Chr.
1321 990 1431 1018 saeculi
1454 990 1616 1018 litteratura
1647 999 1709 1017 non
1736 990 1800 1017 sine
1830 990 1927 1017 fructu
1950 998 2018 1017 cum

172 1044 290 1082 papyris
321 1045 455 1072 eiusdem
485 1044 591 1072 aetatis
621 1043 748 1071 conferri
778 1048 885 1080 potest.
937 1042 1007 1078 Qua
1036 1043 1066 1070 in
1096 1051 1127 1070 re
1157 1042 1310 1070 Timothei
1340 1051 1463 1079 quoque
1494 1050 1624 1079 papyrus
1659 1050 1720 1069 non
1752 1042 1937 1078 neglegenda
1967 1046 2019 1069 est.

172 1095 216 1125 IG
240 1096 301 1123 XII
327 1103 353 1132 5,
378 1095 436 1132 872
463 1104 502 1123 vs.
527 1103 564 1132 92
578 1102 672 1131 —-123
698 1100 850 1123 extremae
874 1099 980 1131 partes.

328 1164 410 1192 Infra
444 1163 626 1192 Artemidori
650 1163 773 1200 Pergaei
805 1163 904 1200 imago
935 1163 973 1190 ab
998 1162 1114 1190 Hillero
1137 1162 1293 1190 Therae
1324 1162 1354 1189 in
1377 1161 1558 1189 Artemidori
1589 1161 1703 1200 τεμένει
1733 1161 1854 1189 feliciter
1885 1161 2019 1189 detecta:

173 1216 217 1245 IG
240 1216 303 1243 XII
318 1223 335 1252 3
359 1215 461 1253 Suppl.
478 1214 565 1251 1348.
611 1214 655 1243 Cf.
672 1214 760 1242 Hera
784 1214 830 1242 III
854 1224 882 1252 p.
896 1214 935 1252 89
960 1223 997 1242 ss.
1042 1213 1180 1251 Sculptor
1202 1222 1395 1241 nummorum
1419 1212 1591 1249 exemplum
1617 1217 1737 1240 secutus
1762 1216 1814 1240 est.

327 1323 391 1366 36.
438 1327 516 1355 Muri
539 1327 672 1364 porticus
695 1327 792 1354 forum
815 1335 919 1355 versus
935 1326 1124 1354 occidentem
1142 1326 1286 1362 cingentis
1311 1325 1421 1362 Magn
1435 1325 1543 1353 esiae
1568 1325 1613 1352 ad
1638 1324 1895 1352 Maeandrum
1919 1323 2020 1352 effossi

173 1379 247 1416 lapis
277 1379 323 1406 cui
353 1375 536 1418 Μαγνησίας
565 1377 663 1411 κτίσις
687 1386 778 1415 quam
809 1378 913 1406 dicunt
943 1378 1084 1415 inscripta
1114 1382 1166 1412 est,
1196 1387 1277 1406 nunc
1301 1377 1429 1405 Berolini
1459 1377 1489 1404 in
1520 1385 1624 1404 museo
1653 1376 1754 1413 Regio.
1800 1375 1836 1404 O.
1861 1375 1945 1404 Kern
1968 1375 2019 1403 In-

172 1430 301 1466 sclmflen
334 1439 386 1457 von
410 1429 560 1467 Magnesia
583 1439 611 1457 n.
639 1436 683 1465 17.
729 1429 777 1457 De
802 1429 977 1467 Magnesiae
1006 1429 1140 1466 lapidum
1168 1429 1330 1457 litteratura
1357 1429 1392 1456 cf.
1417 1429 1549 1456 eundem
1572 1428 1679 1456 librum
1703 1437 1731 1465 p.
1756 1427 1865 1455 XXIX
1889 1432 1918 1455 et
1941 1436 2020 1465 quae

173 1482 212 1510 de
235 1481 396 1510 litterarum
421 1481 658 1519 Magneticarum
682 1485 711 1508 et
734 1481 985 1518 Pergamenarum
1010 1481 1095 1509 variis
1119 1481 1222 1509 formis
1245 1481 1324 1509 bene
1345 1480 1461 1508 monuit
1485 1480 1517 1508 C.
1535 1479 1672 1516 Paepcke
1696 1478 1743 1507 De
1767 1479 2020 1516 Pergamenorum

173 1533 336 1561 litteratura
359 1542 387 1570 p.
411 1540 459 1569 32.

326 1640 390 1675 37.
435 1636 506 1665 Tria
529 1637 651 1665 frustula
674 1636 818 1664 victorum
835 1636 1023 1664 Theseorum
1041 1635 1211 1663 Athenis
1233 1639 1368 1663 actorum
1392 1634 1526 1672 catalogi,
1551 1643 1629 1671 quae
1645 1633 1814 1671 composuit
1830 1634 1865 1661 A.
1881 1633 2022 1662 Wilhelm

174 1678 273 1716 Atlus'z.
296 1688 408 1716 lllilteil.
432 1687 525 1715 XXX
554 1695 631 1725 1905
657 1697 685 1725 p.
711 1695 769 1723 213
794 1696 830 1715 ss.
864 1687 995 1715 Litterae
1017 1696 1043 1715 a.
1067 1693 1175 1723 0,007;
1203 1696 1343 1715 versuum
1368 1687 1469 1713 interv.
1493 1693 1741 1721 0,012-0,013;
1765 1684 2022 1722 superscriptionis

176 1748 202 1767 a.
225 1747 333 1775 0,001;
358 1748 431 1767 vers.
455 1739 558 1767 interv.
582 1738 684 1772 0,018.

328 1838 392 1880 38.
436 1841 531 1878 Supra
554 1841 632 1870 basis
655 1841 811 1869 marmoris
834 1841 961 1869 caerulei
986 1841 1162 1878 leucophaei
1186 1840 1368 1877 Pergami
1391 1840 1421 1868 in
1444 1840 1601 1877 gymnasio
1618 1844 1710 1873 eruta,
1734 1849 1760 1867 a.
1776 1846 1877 1876 o‚535,
1901 1840 1916 1866 1.
1933 1847 2023 1876 supra

174 1893 276 1931 o‚856,
306 1894 382 1921 infra
405 1892 506 1929 ο,873,
537 1902 575 1921 cr.
599 1900 690 1929 o,155
723 1892 850 1930 (litterae
875 1901 901 1920 a.
925 1891 1178 1930 0,055—o‚060)‚
1208 1893 1314 1920 aetatis
1338 1892 1561 1929 imperatorum.
1608 1891 1662 1919 Ed.
1687 1891 1833 1920 Fraenkel
1859 1891 2022 1927 Inschn'ften

176 1955 228 1973 von
254 1945 408 1981 Pergamon
432 1944 463 1972 II
487 1954 515 1972 n.
540 1951 610 1980 452.

330 2012 412 2041 Inf1a
443 2013 544 2041 tabula
574 2021 742 2040 marmorea
772 2021 797 2040 a.
821 2011 900 2048 0,65‚
925 2012 940 2040 l.
964 2020 1030 2048 0,31
1059 2011 1186 2050 (litterae
1213 2021 1239 2040 a.
1263 2019 1371 2048 0,013;
1396 2021 1534 2039 versuum
1558 2012 1660 2040 interv.
1684 2010 1770 2048 0,04)
1795 2011 1974 2049 Pergami
1996 2019 2022 2039 a.

181 2072 257 2102 1902
287 2065 410 2092 inventa
440 2064 469 2092 in
499 2064 665 2101 gymnasio.
713 2063 844 2091 Pertinet
877 2063 977 2092 titulus
1008 2064 1046 2091 ad
1071 2063 1161 2091 Attali
1185 2063 1233 2091 111
1262 2067 1401 2091 aetatem.
1448 2063 1502 2090 Ed.
1527 2062 1574 2091 Br.
1597 2062 1765 2091 Schroeder
1788 2062 1886 2090 Athen.
1910 2061 2023 2090 Mitteil.

177 2116 286 2144 XXIX
314 2124 392 2153 1904
417 2125 445 2153 p.
474 2123 529 2152 152
557 2124 595 2143 ss.

327 2223 391 2258 39.
436 2218 532 2255 Supra
553 2226 572 2246 a
594 2218 711 2246 sinistra
733 2217 808 2246 stela
831 2217 987 2246 marmoris
1011 2217 1086 2245 Parii
1109 2226 1134 2246 a.
1151 2216 1231 2254 0,58,
1255 2217 1271 2245 l.
1295 2205 1414 2253 c.*0,24,
1438 2227 1476 2245 cr.
1500 2216 1570 2251 0‚06
1595 2217 1720 2255 (litterae
1743 2221 1881 2245 accurate
1904 2216 2023 2251 incisae,

176 2279 303 2308 quarum
334 2271 416 2299 locos
447 2269 561 2298 lineolis
592 2269 775 2297 indicaverat
804 2269 940 2306 lapicida,
974 2277 1000 2297 a.
1032 2278 1055 2296 c.
1086 2267 1200 2306 0,018)‚
1232 2269 1342 2297 effossa
1372 2268 1527 2296 Therae
1557 2277 1575 2296 a
1606 2268 1840 2305 Dragendorffio
1874 2268 1903 2295 in
1935 2268 2023 2296 meri-

175 2323 345 2351 dionalibus
361 2322 437 2350 infra
453 2321 603 2350 Selladam
621 2321 757 2349 faucibus
775 2320 879 2359 (Thera
896 2320 926 2348 11
943 2330 971 2358 p.
988 2319 1028 2348 68
1044 2330 1071 2348 n.
1091 2318 1149 2358 27).
1187 2319 1231 2348 IG
1247 2319 1309 2347 XII
1327 2327 1353 2356 3,
1378 2319 1446 2356 835.
1493 2316 1683 2359 Ἐπιτιμίδαν
1710 2318 1834 2357 (nomen
1859 2318 1969 2357 rarum)
1994 2319 2032 2347 in.

177 2374 429 2402 mercenariorum
460 2373 596 2410 catalogo
621 2372 678 2409 (IG
702 2372 765 2400 XII
790 2380 818 2408 3,
842 2378 912 2408 327,
940 2380 995 2409 134
1023 2370 1073 2410 [cs.
1104 2372 1237 2400 tabulam
1261 2376 1394 2400 nostram
1418 2380 1446 2399 n.
1471 2369 1525 2410 33]
1551 2376 1667 2399 exstare
1690 2371 1807 2399 monuit
1823 2370 1920 2399 Hiller
1942 2371 2023 2408 apud

178 2425 451 2463 Dragendorffium.

330 2493 357 2521 A
381 2494 486 2521 dextra
516 2493 590 2521 stela
619 2492 774 2520 marmoris
805 2491 932 2520 caerulei
964 2491 1099 2528 cymatiis
1130 2500 1243 2525 carens,
1274 2491 1303 2519 in
1331 2491 1406 2519 duas
1430 2492 1521 2519 fracta
1545 2495 1652 2528 partes,
1675 2500 1701 2519 a.
1724 2490 1804 2525 o,62,
1835 2491 1850 2518 l.
1875 2498 1955 2527 0,33,
1986 2499 2023 2518 cr.

177 2544 279 2582 0,065,
315 2545 403 2573 Pari
437 2545 477 2574 ab
508 2544 595 2572 Erico
626 2544 750 2572 Pernice
784 2548 916 2581 reperta,
950 2552 1031 2571 nunc
1065 2543 1178 2571 ibidem
1211 2543 1242 2570 in
1276 2552 1389 2572 museo.
1442 2543 1619 2571 Litterarum
1653 2542 1780 2571 altitudo
1815 2542 1902 2570 valde
1933 2542 2026 2570 variat

179 2595 444 2634 (0,005—0,015).
489 2595 533 2625 IG
557 2595 620 2623 XII
645 2603 672 2632 5,
701 2594 757 2623 186
781 2595 816 2622 cs.
846 2594 910 2631 185.

333 2664 415 2693 Infra
431 2664 548 2692 Herma
570 2664 617 2692 cui
633 2667 723 2701 caput
739 2671 874 2691 seorsum
890 2662 1062 2699 impositum
1079 2667 1150 2696 erat,
1173 2662 1296 2691 inventa
1320 2662 1352 2690 M
1364 2671 1380 2691 e
1387 2662 1476 2700 galo
1487 2662 1567 2699 poli
1591 2671 1685 2699 prope
1702 2661 1798 2689 forum
1815 2670 1895 2689 nunc
1911 2661 2024 2689 ibidem

180 2716 209 2744 in
234 2724 347 2750 museo,
370 2725 396 2744 a.
419 2715 499 2753 0‚58,
532 2715 548 2743 Ι.
571 2723 651 2751 ο,34,
681 2724 719 2742 cr.
743 2722 823 2750 o,23.
868 2713 912 2743 IG
936 2713 963 2741 V
989 2721 1015 2748 2,
1039 2721 1109 2750 454.
1155 2713 1382 2742 Commemorat
1406 2713 1567 2742 Pausanias
1591 2713 1669 2741 VIII
1693 2721 1742 2749 31,
1768 2719 1793 2748 7.

332 2822 396 2856 40.
448 2817 666 2847 Chaeremonis
696 2817 809 2854 Nysaei
844 2817 1032 2846 monumenti
1067 2825 1135 2854 pars
1164 2816 1300 2853 superior
1331 2825 1367 2845 ex
1398 2820 1507 2854 ectypo
1538 2815 1656 2853 egregio
1687 2815 1827 2843 Friderici
1859 2814 1954 2843 Hiller
1986 2815 2025 2842 de

180 2869 376 2906 Gaertringen
410 2869 461 2906 qui
495 2878 613 2898 mecum
647 2868 760 2896 invenit
789 2877 816 2896 a.
851 2867 930 2905 1890
958 2869 988 2896 in
1022 2868 1088 2896 vico
1117 2867 1233 2896 Aktsche
1262 2867 1313 2904 qui
1344 2867 1475 2905 Nysae
1509 2867 1615 2896 veteris
1644 2866 1800 2895 ruderibus
1830 2866 1942 2894 vicinus
1973 2870 2025 2894 est.
