2247 3355
942 724 1228 759 PRAEFATIO

314 819 433 859 Usque
463 820 506 849 ad
536 819 625 850 hunc
655 820 763 859 ipsum
796 820 883 849 diem
914 824 991 849 sunt
1022 819 1161 849 iuvenes
1191 819 1393 858 antiquitatis
1423 819 1678 857 investigandae
1700 819 1928 849 studiosissimi
1952 820 2008 859 qui

161 871 245 901 tituli
265 870 439 901 cuiuslibet
456 869 575 901 Graeci
599 871 780 910 imaginem
804 871 907 901 oculis
931 880 1101 910 nunquam
1126 870 1294 905 viderunt;
1319 875 1395 900 sunt
1411 870 1467 909 qui
1485 869 1675 901 GUILELMI
1693 870 2009 900 DITTENBERGERI

160 921 323 962 Synogen
347 922 597 961 inscriptionum
619 921 824 952 Graecarum
849 921 901 952 vel
920 921 1002 952 alios
1023 921 1127 951 libros
1150 921 1340 951 utilissimos
1363 921 1518 951 manibus
1541 922 1734 960 saepissime
1756 922 1927 958 triverunt,
1950 922 2009 952 sed

159 973 329 1014 quomodo
351 983 388 1004 se
409 973 532 1003 habeat
561 974 744 1004 litteratura
772 973 934 1013 lapidaria
964 973 1062 1013 plane
1093 982 1159 1002 non
1191 972 1435 1002 intellexerunt.
1481 971 1631 1012 Quorum
1656 973 1688 1002 in
1711 983 1807 1003 usum
1831 973 2010 1003 IOHANNI-2

160 1024 426 1054 LIETZMANNIO
443 1029 578 1054 auctore
593 1024 761 1055 ERNESTI
779 1024 931 1055 DIEHLII
955 1024 1146 1063 exemplum
1170 1024 1260 1054 haud
1283 1025 1509 1063 spernendum
1531 1025 1635 1054 secuti
1659 1024 1890 1064 inscriptiones
1907 1024 2010 1055 Grae-

161 1085 218 1105 cas
241 1085 284 1105 ex
301 1076 429 1115 ingenti
446 1076 615 1106 titulorum
633 1075 788 1106 thesauro
805 1076 968 1116 elegimus
984 1081 1017 1106 et
1033 1075 1154 1106 tabulis
1168 1075 1392 1115 phototypicis
1408 1077 1596 1106 curavimus
1612 1076 1917 1115 repraesentandas.
1951 1076 2010 1106 Ab

160 1127 430 1166 inscriptionibus
460 1127 698 1166 antiquissimis
727 1127 962 1157 descendimus
993 1127 1034 1157 ad
1065 1131 1216 1167 tempora
1239 1127 1426 1157 Christiana
1456 1127 1614 1166 quodque
1647 1127 1815 1157 saeculum
1847 1128 2011 1167 exemplis

159 1177 341 1217 scripturae
364 1178 494 1207 idoneis
517 1178 664 1208 collectis
687 1178 895 1208 illustrantes.
929 1178 1111 1208 Multorum
1135 1179 1281 1209 virorum
1305 1179 1478 1209 doctorum
1502 1179 1661 1209 auxilium
1686 1179 1815 1218 experti
1838 1189 1953 1209 sumus
1975 1184 2011 1209 ut

160 1229 325 1268 imagines
355 1229 451 1259 utiles
481 1239 734 1269 coaggeremus.
779 1229 827 1260 At
852 1239 917 1259 non
949 1230 1061 1259 omnia
1089 1231 1202 1269 adepti
1231 1240 1347 1260 sumus
1377 1240 1463 1270 quae
1494 1231 1671 1270 petivimus
1701 1231 1792 1270 quod
1815 1231 1835 1260 ii
1858 1230 2011 1261 homines

161 1281 343 1311 doctissimi
366 1281 400 1310 in
424 1281 536 1311 animo
558 1280 706 1311 habeant
729 1281 785 1321 qui
809 1281 906 1311 huius
929 1281 1002 1311 libri
1026 1291 1202 1311 censuram
1225 1280 1356 1312 facient.
1402 1282 1571 1312 Nonnulla
1594 1282 1692 1312 etiam
1717 1291 1803 1322 quae
1826 1282 1859 1311 in
1882 1282 2012 1312 scriniis

160 1331 354 1362 iamdudum
369 1332 537 1362 habebam
553 1331 698 1362 artifices
713 1333 770 1372 qui
793 1332 854 1362 has
876 1332 1006 1362 tabulas
1026 1338 1263 1372 expresserunt
1286 1334 1328 1363 ad
1352 1343 1447 1363 usum
1471 1333 1560 1363 haud
1584 1338 1662 1373 apta
1684 1343 1757 1363 esse
1772 1333 2011 1364 iudicaverunt.

161 1382 279 1423 Itaque
309 1383 390 1413 ordo
421 1393 662 1423 nonnunquam
694 1383 847 1413 turbatus
877 1388 926 1413 est
957 1384 1036 1423 quia
1066 1394 1171 1414 novas
1194 1385 1340 1414 inserere
1370 1385 1535 1424 imagines
1558 1394 1695 1414 necesse
1718 1389 1798 1415 erat.
1842 1384 2010 1415 Fortunae

162 1433 263 1474 igitur
286 1444 347 1464 nos
370 1435 576 1464 committere
599 1444 666 1464 non
686 1444 761 1464 raro
776 1435 882 1464 coacti
898 1444 1013 1464 sumus
1029 1444 1194 1465 memores
1211 1444 1325 1466 versus
1341 1436 1508 1465 veterrimi
1531 1434 1623 1465 πλέον
1645 1433 1740 1476 ἥμισυ
1763 1435 1884 1469 παντὸς.
1922 1435 2009 1466 Nam

161 1485 194 1514 id
224 1495 357 1524 semper
387 1486 550 1525 imprimis
581 1486 765 1516 curandum
798 1490 868 1515 erat
898 1490 933 1515 ut
962 1486 1070 1516 solum
1101 1486 1266 1526 imagines
1296 1496 1395 1526 quam
1427 1486 1573 1526 optimae
1603 1491 1636 1517 et
1658 1486 1901 1526 pulcherrimae
1923 1487 2011 1527 typis

160 1537 408 1567 mandarentur.
453 1537 503 1568 Ut
532 1538 725 1576 exemplum
757 1535 907 1572 afferam,
938 1537 1019 1567 nulli
1050 1538 1299 1567 attribuendum
1330 1543 1380 1568 est
1407 1538 1532 1578 culpae,
1563 1538 1652 1578 quod
1677 1539 1771 1568 deest
1793 1538 2011 1569 Anaxenoris

160 1588 250 1618 basis
280 1587 479 1628 Magnesiae
509 1589 552 1618 ad
584 1587 806 1618 Maeandrum
838 1594 977 1628 reperta,
1012 1599 1100 1619 nunc
1123 1588 1268 1619 Berolini
1304 1589 1347 1619 ob
1381 1599 1505 1619 novum
1539 1589 1826 1629 Pergamenorum
1857 1599 2009 1620 museum

161 1638 408 1670 aedificandum
442 1640 474 1669 in
509 1639 638 1670 horreis
671 1640 792 1670 abdita.
837 1640 908 1670 Nec
940 1638 1031 1669 λίθου
1055 1641 1277 1681 μετεπιγράφου
1307 1641 1491 1680 imaginem
1523 1641 1677 1671 idoneam
1708 1641 1887 1680 impetrare
1909 1641 2010 1680 potui.

162 1690 324 1721 Attamen
354 1701 451 1730 spero
475 1691 546 1722 fore
569 1696 604 1721 ut
626 1692 781 1732 exempla
804 1702 824 1721 a
847 1701 901 1722 me
924 1692 1043 1722 collata
1065 1693 1107 1722 ad
1132 1691 1336 1722 Graecorum
1360 1693 1555 1732 scripturam
1581 1692 1809 1723 illustrandam
1832 1702 1893 1732 pro
1916 1697 2012 1732 parte

161 1741 338 1773 sufficiant.
383 1741 449 1782 Qui
473 1743 569 1782 plura
591 1742 796 1773 litteraturae
819 1743 968 1774 Euclidis
990 1753 1078 1773 anno
1102 1744 1296 1783 antiquioris
1328 1744 1485 1783 exempla
1510 1734 1594 1774 forte
1617 1744 1816 1780 desiderant,
1846 1745 1885 1775 iis
1908 1744 2011 1775 HER-

162 1801 289 1824 MANNI
312 1793 481 1824 ROEHLII
511 1794 645 1824 tabulae
672 1794 737 1824 iam
768 1795 902 1824 tertium
933 1795 1042 1825 editae
1073 1800 1205 1834 praesto
1240 1800 1326 1825 sunt.
1371 1794 1500 1826 Omnes
1533 1794 1602 1825 fere
1635 1796 1802 1835 imagines
1834 1796 1917 1826 lucis
1947 1805 2012 1835 ope

162 1855 206 1875 ex
235 1845 401 1884 lapidibus
430 1846 510 1885 ipsis
539 1845 648 1876 factae
677 1850 768 1881 sunt:
801 1856 876 1876 raro
900 1850 1027 1876 tantum
1052 1847 1179 1886 ectypis
1212 1846 1396 1877 chartaceis
1424 1856 1485 1886 pro
1508 1846 1676 1886 lapidibus
1698 1847 1744 1876 uti
1768 1847 1873 1877 coacti
1896 1857 2012 1878 sumus

162 1896 237 1933 (tab.
261 1898 288 1926 6.
313 1906 361 1934 32.
385 1907 433 1936 40.
457 1897 517 1935 46).

317 1948 438 1979 Grates
459 1949 539 1979 mihi
563 1950 718 1989 agendae
740 1954 818 1979 sunt
839 1950 1082 1980 sincerissimae
1105 1949 1144 1979 iis
1173 1949 1252 1978 viris
1275 1949 1476 1979 doctissimis
1498 1953 1530 1978 et
1554 1948 1803 1979 humanissimis
1826 1950 1881 1989 qui
1905 1949 2012 1989 preci-

162 2000 226 2030 bus
248 2000 331 2030 meis
354 2001 513 2030 commoti
537 2001 703 2040 imagines
725 2001 884 2030 miserunt
907 2001 961 2030 vel
985 2001 1048 2030 alia
1071 1999 1183 2031 officia
1205 2001 1384 2030 liberaliter
1399 2001 1633 2039 praestiterunt
1648 2010 1791 2040 quorum
1808 2010 1852 2030 ex
1872 2010 2011 2031 numero

162 2051 289 2082 lubenti
320 2052 432 2081 animo
463 2052 598 2082 nomino
624 2052 871 2083 FRIDERICUM
897 2051 1047 2082 HILLER
1071 2059 1120 2082 DE
1143 2051 1427 2082 GAERTRINGEN
1459 2061 1580 2087 meum,
1610 2051 1708 2082 huius
1738 2062 1872 2092 quoque
1902 2053 2013 2092 operis

162 2101 326 2133 fautorem
350 2108 383 2132 et
405 2103 600 2139 adiutorem,
625 2103 872 2133 HERBERTUM
890 2103 1001 2133 KOCH
1025 2104 1081 2143 qui
1105 2113 1222 2133 omnes
1246 2102 1316 2132 fere
1338 2103 1504 2142 imagines
1521 2102 1748 2134 Atheniense-s
1771 2103 1866 2139 misit,
1889 2103 2011 2134 LUDO-

163 2160 283 2185 VICUM
298 2153 540 2189 MEISTERUM‚
556 2155 786 2185 LUDOVICUM
800 2155 984 2190 PERNIER,
1000 2155 1221 2185 BRUNONEM
1235 2153 1536 2190 SCHROEDERUM‚
1553 2155 1798 2185 THEODORUM
1810 2155 2011 2191 WIEGAND,

163 2204 381 2235 ROBERTUM
407 2205 514 2235 ZAHN
537 2206 593 2245 qui
617 2207 659 2236 de
682 2206 784 2236 titulis
808 2206 954 2236 Boeotiis
977 2206 1108 2236 ineditis
1131 2206 1258 2236 addidit
1279 2206 1470 2236 mantissam
1496 2211 1528 2236 et
1544 2206 1792 2236 adulescentem
1809 2207 1919 2237 bonae
1941 2207 2011 2247 spei

163 2256 297 2296 plenum
333 2255 559 2287 GERARDUM
588 2257 795 2287 KRAHMER
826 2256 1124 2288 familiarissimum.
1169 2257 1377 2288 ALBERTUS
1396 2257 1579 2288 REHMIUS
1610 2268 1676 2298 qua
1705 2262 1756 2288 est
1778 2258 2012 2288 benevolentia

163 2308 206 2338 de
222 2307 316 2338 titulo
332 2309 470 2347 egregio
489 2307 596 2338 Mileti
616 2318 722 2348 nuper
738 2307 860 2339 effosso
877 2308 952 2347 (tab.
966 2308 994 2346 8)
1012 2318 1072 2339 nos
1088 2309 1219 2339 edocuit
1243 2313 1275 2338 et
1298 2313 1333 2338 ut
1356 2309 1458 2348 ipsius
1474 2309 1577 2339 verba
1592 2308 1646 2339 hic
1669 2310 1844 2339 redderem
1865 2309 2013 2349 benigne

163 2359 243 2389 mihi
280 2360 438 2399 permisit.
497 2359 617 2400 Neque
647 2359 752 2390 defuit
785 2359 864 2390 mihi
895 2360 1032 2390 consilio
1061 2370 1122 2390 suo
1155 2360 1353 2400 gravissimo
1388 2360 1614 2391 UDALRICUS
1649 2367 1697 2391 DE
1730 2360 2012 2391 WILAMOWITz-

164 2409 479 2442 MOELLENDORFF
511 2412 564 2441 cui
594 2411 786 2451 diligentius
815 2411 1132 2450 obtemperavissem
1166 2412 1193 2441 si
1228 2411 1461 2441 nonnullarum
1493 2412 1678 2451 imaginum
1710 2421 1794 2452 quas
1823 2412 1906 2442 mihi
1929 2412 2011 2442 indi-

164 2466 299 2492 caverat
320 2462 403 2492 lucis
425 2472 489 2502 ope
511 2461 739 2492 faciendarum
764 2461 879 2493 fuisset
902 2463 1006 2501 copia.

320 2555 416 2586 Halis
438 2555 613 2587 Saxonum
1612 2556 1715 2587 OTTO
1740 2557 1857 2587 KERN
1883 2545 1886 2547 Δ
